<?xml version="1.0" encoding="UTF-8"?>
<record xmlns="http://www.loc.gov/MARC21/slim" xmlns:xsi="http://www.w3.org/2001/XMLSchema-instance" xsi:schemaLocation="http://www.loc.gov/MARC21/slim http://www.loc.gov/standards/marcxml/schema/MARC21slim.xsd">
<leader>00000nam a2200241 a 4500</leader>
<controlfield tag="001">001281240</controlfield>
<controlfield tag="003">NNU</controlfield>
<controlfield tag="005">20141212185352.0</controlfield>
<controlfield tag="008">970915s1973    ir            000 0 arard</controlfield>
<datafield tag="035" ind1="9" ind2=" ">
<subfield code="a">NYUb11669048</subfield>
</datafield>
<datafield tag="035" ind1=" " ind2=" ">
<subfield code="a">(CStRLIN)NYUG97-B3061</subfield>
</datafield>
<datafield tag="040" ind1=" " ind2=" ">
<subfield code="a">IXA</subfield>
<subfield code="c">IXA</subfield>
<subfield code="d">NNC</subfield>
<subfield code="d">NNU</subfield>
</datafield>
<datafield tag="066" ind1=" " ind2=" ">
<subfield code="c">(3</subfield>
</datafield>
<datafield tag="090" ind1=" " ind2=" ">
<subfield code="a">PJ6161</subfield>
<subfield code="b">.S57 1973</subfield>
</datafield>
<datafield tag="100" ind1="1" ind2=" ">
<subfield code="6">880-01</subfield>
<subfield code="a">Shīrázī, Muḥammad Muʼmin ibn Muḥammad Qāsim,</subfield>
<subfield code="d">d. 1717?</subfield>
</datafield>
<datafield tag="245" ind1="1" ind2="0">
<subfield code="6">880-02</subfield>
<subfield code="a">Khazānat al-khayāl fī al-adāb wa-al-ḥikam wa-al-mawāʻiẓ wa-al-munāẓarāt wa-al-tarājum wa-al-amthāl /</subfield>
<subfield code="c">taʼlīf Muḥammad Muʼmin ibn Muḥammad Qāsim al-Jazāʼirī al-Shīrāzī ; qaddama lahu Shihāb al-Dīn al-Marʻashī.</subfield>
</datafield>
<datafield tag="260" ind1=" " ind2=" ">
<subfield code="6">880-03</subfield>
<subfield code="a">Qum :</subfield>
<subfield code="b">Maktabat Baṣīratī,</subfield>
<subfield code="c">1352 [1973]</subfield>
</datafield>
<datafield tag="300" ind1=" " ind2=" ">
<subfield code="a">22, 4, 635, 7 p. ;</subfield>
<subfield code="c">25 cm.</subfield>
</datafield>
<datafield tag="500" ind1=" " ind2=" ">
<subfield code="a">"Fī ṣadr al-kitāb : Kāshifat al-ḥāll fī tarjamat muʼallif Khizānat al-khayāl, li-Shihāb al-Dīn al-Ḥusaynī al-Marʻashī al-Najafī."</subfield>
</datafield>
<datafield tag="650" ind1=" " ind2="0">
<subfield code="a">Arabic language</subfield>
<subfield code="x">Rhetoric.</subfield>
</datafield>
<datafield tag="880" ind1="1" ind2=" ">
<subfield code="6">100-01/</subfield>
<subfield code="a">شيرازى، محمد مؤمن بن محمد قاسم.</subfield>
</datafield>
<datafield tag="880" ind1="1" ind2="0">
<subfield code="6">245-02/</subfield>
<subfield code="a">خزانة الخيال فى الأداب والحكم والمواعظ والمناظرات والتراجم والأمثال /</subfield>
<subfield code="c">تأليف محمد مؤمن بن محمد قاسم الجزائرى الشيرازى ؛ قدم له شهاب الدين المرعشى.</subfield>
</datafield>
<datafield tag="880" ind1=" " ind2=" ">
<subfield code="6">260-03/</subfield>
<subfield code="a">قم :</subfield>
<subfield code="b">مكتبة بصيرتى،</subfield>
<subfield code="c">١٣٥٢.</subfield>
</datafield>
<datafield tag="OWN" ind1=" " ind2=" ">
<subfield code="a">GENERAL</subfield>
</datafield>
<datafield tag="AVA" ind1=" " ind2=" ">
<subfield code="a">NYU50</subfield>
<subfield code="b">BOBST</subfield>
<subfield code="c">Main Collection</subfield>
<subfield code="d">PJ6161 .S57 1973</subfield>
<subfield code="e">unavailable</subfield>
<subfield code="t">Unavailable</subfield>
<subfield code="f">1</subfield>
<subfield code="g">1</subfield>
<subfield code="h">N</subfield>
<subfield code="i">0</subfield>
<subfield code="j">MAIN</subfield>
<subfield code="k">0</subfield>
</datafield>
</record>
